<?xml version="1.0" encoding="UTF-8"?><record xmlns="http://www.loc.gov/MARC21/slim" xmlns:cinclude="http://apache.org/cocoon/include/1.0" xmlns:zs="http://www.loc.gov/zing/srw/">
  <leader>00473nz  a2200133n  4500</leader>
  <controlfield tag="001">no2011079374</controlfield>
  <controlfield tag="003">DLC</controlfield>
  <controlfield tag="005">20110522075019.0</controlfield>
  <controlfield tag="008">110520n| acannaabn          |n aaa     c</controlfield>
  <datafield tag="010" ind1=" " ind2=" ">
    <subfield code="a">no2011079374</subfield>
  </datafield>
  <datafield tag="035" ind1=" " ind2=" ">
    <subfield code="a">(OCoLC)oca08862288</subfield>
  </datafield>
  <datafield tag="040" ind1=" " ind2=" ">
    <subfield code="a">SaPrUSA</subfield>
    <subfield code="b">eng</subfield>
    <subfield code="c">SaPrUSA</subfield>
  </datafield>
  <datafield tag="100" ind1="1" ind2=" ">
    <subfield code="a">Terblanche, Salmon Johannes</subfield>
  </datafield>
  <datafield tag="670" ind1=" " ind2=" ">
    <subfield code="a">The effect of gonadotropin, androstenedione and method of synchronization on the superovulatory response of Dorper ewes, 1988:</subfield>
    <subfield code="b">t.p. (Salmon Johannes Terblanche)</subfield>
  </datafield>
</record>